@misc{PrimaryKeys,
    author = {Angel Politis},
    title = {Can I have multiple primary keys in a single table?},
    year = {2008},
    howpublished = {\url{https://stackoverflow.com/questions/217945/can-i-have-multiple-primary-keys-in-a-single-table}},
    note = {12.05.2024}
}

@misc{MatrixMultiplikation,
    title = {Computational complexity of matrix multiplication},
    organization = {Wikipedia},
    year = {2024},
    howpublished = {\url{https://en.wikipedia.org/wiki/Computational_complexity_of_matrix_multiplication}},
    note = {12.05.2024}
}

@misc{Kubischer,
    author = {Prof. i. R. Dr. Thomas Letschert},
    title = {Algorithmen und Datenstrukturen CS1017},
    howpublished = {\url{https://homepages.thm.de/~hg51/Veranstaltungen/A_D/Folien/ad-04.pdf}},
    note = {12.05.2024}
}


